
@book{rules,
	Date-Added = {2009-01-14 11:06:10 +0000},
	Date-Modified = {2009-01-14 11:09:28 +0000},
	Edition = {5th},
	Month = {2008},
	Publisher = {Wizards of the {C}oast, Inc},
	Title = {The {R}ules of {D}iplomacy}}

@misc{albert,
	Author = {Jason van Hal},
	Date-Added = {2009-01-14 05:14:53 +0000},
	Date-Modified = {2009-01-14 05:15:25 +0000},
	Howpublished = {\\\url{http://ca.geocities.com/stretchy@rogers.com/Albert.htm}},
	Title = {Albert},
	Year = {2007}}

@misc{kmb06,
	Author = {Jason van Hal},
	Date-Added = {2009-01-14 05:14:04 +0000},
	Date-Modified = {2009-01-14 05:14:49 +0000},
	Howpublished = {\\\url{http://ca.geocities.com/stretchy@rogers.com/KissMyBot.htm}},
	Title = {KissMyBot},
	Year = {2006}}

@article{introtodiplomacy,
	Author = {Allan Calhamer},
	Date-Added = {2009-01-14 03:06:08 +0000},
	Date-Modified = {2009-01-14 03:07:03 +0000},
	Journal = {Modern Board Games},
	Title = {Introduction to Diplomacy},
	Year = {1975}}

@misc{diplominator,
	Author = {Adam Web and Jason Chin},
	Date-Added = {2009-01-14 02:52:56 +0000},
	Date-Modified = {2009-01-14 02:55:52 +0000},
	Howpublished = {\\\url{http://www.doc.ic.ac.uk/project/2007/362/g0736203/TheDiplominator/TheDiplominator/}},
	Title = {The {D}iplominator},
	Year = {2008}}

@misc{worldmap,
	Author = {Alan B. Calhamer and J. Fatula III},
	Date-Added = {2009-01-13 01:27:17 +0000},
	Date-Modified = {2009-01-13 01:29:05 +0000},
	Howpublished = {\\\url{http://www.diplom.org/Online/maps.html}},
	Title = {Diplomacy {M}ap},
	Year = {1999}}

@misc{blabheuristics,
	Author = {John Newbury},
	Date-Added = {2009-01-13 01:25:47 +0000},
	Date-Modified = {2009-01-13 01:27:11 +0000},
	Howpublished = {\\\url{http://uk.geocities.com/johnnewbury1/diplomacy/blabbot/index.htm}},
	Title = {BlabBot}}

@article{goodally,
	Author = {Len Lakofka},
	Date-Added = {2009-01-13 01:24:35 +0000},
	Date-Modified = {2009-01-13 01:25:43 +0000},
	Journal = {Diplomacy World},
	Title = {The {G}ood {A}lly},
	Volume = {11},
	Year = {1976}}

@misc{dumbbot,
	Author = {David Norman},
	Date-Added = {2009-01-12 15:57:52 +0000},
	Date-Modified = {2009-01-12 15:58:34 +0000},
	Howpublished = {\\\url{http://www.daide.org.uk/s0003.xml}},
	Title = {DumbBot},
	Year = {2003}}

@misc{syntax,
	Author = {David Norman},
	Date-Added = {2009-01-12 00:20:47 +0000},
	Date-Modified = {2009-01-12 00:23:00 +0000},
	Howpublished = {\\\url{http://www.ellought.demon.co.uk/dipai/dpp_syntax.rtf}},
	Title = {Diplomacy {A}{I} {D}evelopment {E}nvironment {M}essage {S}yntax},
	Year = {2006}}

@article{lewpulp,
	Author = {Lewis Pulsipher},
	Date-Added = {2009-01-12 00:14:28 +0000},
	Date-Modified = {2009-01-12 00:16:53 +0000},
	Journal = {The {G}eneral},
	Month = {September - October},
	Number = {3},
	Title = {The {T}actics of {D}iplomacy},
	Volume = {18},
	Year = {1981}}

@misc{england,
	Author = {Doug Massey and Stephen Agar},
	Date-Added = {2009-01-11 23:31:34 +0000},
	Date-Modified = {2009-01-11 23:32:41 +0000},
	Howpublished = {\\\url{http://www.diplomacy-archive.com/resources/strategy/articles/defensive.htm}},
	Title = {Which {C}ountry has the {B}est {P}osition in {D}iplomacy}}

@article{german,
	Author = {Don Turnbull},
	Date-Added = {2009-01-11 23:30:00 +0000},
	Date-Modified = {2009-01-11 23:30:45 +0000},
	Journal = {Games and Puzzles},
	Title = {German {S}trategy},
	Year = {1972}}

@misc{disgameplay,
	Author = {Andrew Rose},
	Date-Added = {2009-01-11 22:34:55 +0000},
	Date-Modified = {2009-01-11 22:36:03 +0000},
	Howpublished = {\\\url{http://www.daide.org.uk/external/comproto.html}},
	Month = {November},
	Title = {The {D}iplomacy {C}entralisation {P}roject {C}lient-{S}erver {P}rotocol},
	Year = {2003}}

@article{lewis,
	Author = {Lewis Pulpsipher},
	Date-Added = {2009-01-11 18:35:27 +0000},
	Date-Modified = {2009-01-12 00:16:43 +0000},
	Journal = {The {G}eneral},
	Month = {May - June},
	Number = {1},
	Title = {The {A}rt of {N}egotiation in {D}iplomacy},
	Volume = {18},
	Year = {1981}}

@article{garc,
	Author = {Sergio Garces},
	Date-Added = {2009-01-10 01:41:44 +0000},
	Date-Modified = {2009-01-10 01:43:37 +0000},
	Journal = {A{I} {G}ame {P}rogramming {W}isdom 3},
	Title = {Extending {S}imple {W}eighted-{S}um {S}ystems},
	Year = {2006}}

@article{richardsharp2,
	Author = {Richard Sharp},
	Date-Added = {2009-01-10 01:25:18 +0000},
	Date-Modified = {2009-01-10 01:26:17 +0000},
	Journal = {The {G}ame of {D}iplomacy},
	Title = {The {S}catter {T}heory},
	Year = {1978}}

@article{wind,
	Author = {Paul D. Windsor},
	Date-Added = {2009-01-10 01:19:13 +0000},
	Date-Modified = {2009-01-10 01:50:41 +0000},
	Howpublished = {\\\url{http://devel.diplom.org/Zine/F1999R/Windsor/dipmap.html}},
	Journal = {The {Z}ine},
	Title = {Geography is {D}estiny},
	Year = {1999}}

@misc{daide,
	Author = {Andrew Rose and Hamish Williams},
	Date-Added = {2009-01-08 17:07:43 +0000},
	Date-Modified = {2009-01-08 18:27:36 +0000},
	Howpublished = {\\\url{http://www.daide.org.uk/daideint.xml}},
	Title = {Diplomacy {A}{I} {D}evelopment {E}nvironment:{D}{A}{I}{D}{E}}}

@misc{gamegeek,
	Date-Added = {2009-01-08 16:24:21 +0000},
	Date-Modified = {2009-01-08 18:28:36 +0000},
	Howpublished = {\\\url{http://www.boardgamegeek.com/game/483}},
	Title = {Diplomacy on {B}oard{G}ame{G}eek},
	Bdsk-Url-1 = {http://www.boardgamegeek.com/game/483}}

@article{richardsharp1,
	Author = {Richard Sharp},
	Date-Added = {2009-01-08 16:19:09 +0000},
	Date-Modified = {2009-01-08 22:55:21 +0000},
	Title = {The {G}ame of {D}iplomacy},
	Year = {1978}}

@article{seapower,
	Author = {Steve Jones},
	Date-Added = {2009-01-08 16:15:15 +0000},
	Date-Modified = {2009-01-08 16:16:04 +0000},
	Journal = {The Acolyte},
	Title = {The Influence of Sea Power in Diplomacy},
	Volume = {50},
	Year = {1983}}

@article{calhamer74a,
	Author = {Allan Calhamer},
	Date-Added = {2009-01-05 22:33:49 +0000},
	Date-Modified = {2009-01-13 22:17:57 +0000},
	Journal = {Games and Puzzles},
	Month = {January},
	Title = {The {I}nvention of {D}iplomacy},
	Volume = {21},
	Year = {1974}}
    
@article{bod,
	Author = {Joanna J. Bryson},
	Date-Added = {2009-01-05 22:33:49 +0000},
	Date-Modified = {2009-01-13 22:17:57 +0000},
	Journal = {	Lecture Notes in Computer Science},
	Month = {January},
	Title = {The Behavior-Oriented Design of Modular Agent Intelligence},
	Volume = {2592},
	Year = {2003}}
    
@article{htn,
	Author = {John-Paul Kelly and Adi Botea and Sven Koenig},
	Title = {Planning with Hierarchical Task Networks in Video Games},
	Year = {2007}}
    
@article{actionprioritisation,
	Author = {Kevin Dill},
	Title = {Prioritizing Actions in a Goal-Based RTS AI},
    Journal = {	AI Game Programming Wisdom },
    Volume = {3},
	Year = {2006}}
    
@article{goaltrees,
	Author = {Geraint Johnson},
	Title = {Goal Trees},
    Journal = {	AI Game Programming Wisdom },
    Volume = {3},
	Year = {2006}}
    
@article{goal-directed-reasoning,
    Author = { Vernon Harmon },	
	Year = {2006},
	Journal = {	AI Game Programming Wisdom },
    Volume = {3},
	Title = {An Economic Apporach to GOal-Directed Reasoning in an RTS}}
    
@book{strips,
    Author = { Stuart Russell and Peter Norvig },
	Edition = {2nd},
	Year = {2008},
	Publisher = {Prentice Hall},
	Title = {Artificial Intelligence: A Modern Aproach}}
    
@article{ml-and-games,
	Author = {Michael Bowling and Johannes Furnkranz and Thore Graepel and Ron Musick},
	Title = {Machine Learning and Games},
	Year = {2006}}
    
@article{ml-and-games2,
	Author = {Christian Bauckhage and Christian Thurau},
	Title = { Exploiting the Fascination: Video Games in Machine Learning Research and Education},
	Year = {2003}}

@book{mitchell,
    Author = { Tom M. Mitchell },	
	Year = {1997},
	Publisher = {McGRAW-HILL},
	Title = {Artificial Intelligence: A Modern Aproach}}
    
@article{troll,
    Author = { Francois Dominic Laramee },	
	Year = {2002},
	Journal = {	AI Game Programming Wisdom },
    Volume = {1},
	Title = {Genetic Algorithms: Evolving the Perfect Troll}}

@article{dalet,
    Author = { Dale Thomas },	
	Year = {2006},
	Journal = {	AI Game Programming Wisdom },
    Volume = {3},
	Title = {Encoding Schemes and Fitness Functions for Genetic Algorithms}}

@article{robotics,
    Author = { Jurgen Kreuziger  },	
	Year = {1992},
	Journal = {	ICARCV '92  },
   	Title = {Application of machine learning to robotics: An analysis }}    

@article{robbot,
    Author = { Robin Baumgarten and Simon Colton  },	
	Year = {2007},
	Journal = {	CGames, 2007  },
   	Title = {Case-based Player Simulation for the Commercial Strategy Game DEFCON }}
    
    
 